@INPROCEEDINGS{main,  
    author={J. A. {Brown} and A. {Cuzzocrea} and M.  {Kresta} and K. D. L. {Kristjanson} and C. K. {Leung} and T. W. {Tebinka}},
    booktitle = {2017 16th IEEE International Conference on Machine Learning and Applications (ICMLA)},
    title={A Machine Learning Tool for Supporting Advanced Knowledge Discovery from Chess Game Data},
    year={2017},
    volume={},
    number={},
    pages={649-654},
    doi={10.1109/ICMLA.2017.00-87}
}

@inproceedings{association,
  author    = {Yanmin Sun and
               Andrew K. C. Wong and
               Yang Wang},
  editor    = {Sven F. Crone and
               Stefan Lessmann and
               Robert Stahlbock},
  title     = {An Overview of Associative Classifiers},
  booktitle = {Proceedings of the 2006 International Conference on Data Mining, {DMIN} 2006, Las Vegas, Nevada, USA, June 26-29, 2006},
  pages     = {138--143},
  publisher = {{CSREA} Press},
  year      = {2006},
  timestamp = {Tue, 24 Nov 2009 07:18:51 +0100},
  biburl    = {https://dblp.org/rec/conf/dmin/SunWW06.bib},
  bibsource = {dblp computer science bibliography, https://dblp.org},
  keywords = "data mining,classification,classifier design and evaluation,pattern discovery"
}

@online{lichessdb,
    title = "lichess.org game database",
    url = "https://database.lichess.org/",
    addendum = "(accessed: 22.10.2020)",
    keywords = "lichess,database,chess,game data"
}

@online{piece_values,
    title = "Point Value by Regression Analysis",
    author = "Vladimir Medvedev",
    url = "https://www.chessprogramming.org/Point_Value_by_Regression_Analysis",
    keywords = "chess,piece values"
}

@online{chessgames,
    title = "Best Chess Games of All Time",
    author = "Forney, Timothy Glenn",
    url = "https://www.chessgames.com/perl/chesscollection?cid=1001601"
}

@online{fiderules,
    title = "FIDE Handbook",
    author = "International Chess Federation",
    url = "handbook.fide.com",
    keywords = "chess,rules"
}

@online{pgnrules,
    title = "Standard: Portable Game Notation Specification and Implementation Guide",
    author = "Steven J. Edwards",
    url = "https://ia802908.us.archive.org/26/items/pgn-standard-1994-03-12/PGN_standard_1994-03-12.txt"
}

@online{stockfish,
    url = "https://github.com/official-stockfish/Stockfish/blob/master/src/types.h"
}

@book{eco,
    author = {Matanovic, A},
    publisher = {Belgrad: Chess Informant},
    title = {Encyclopedia of Chess Openings (five volumes)},
    year = {1974-1979}
}

@misc{alphazero,
      title={Mastering Chess and Shogi by Self-Play with a General Reinforcement Learning Algorithm}, 
      author={David Silver and Thomas Hubert and Julian Schrittwieser and Ioannis Antonoglou and Matthew Lai and Arthur Guez and Marc Lanctot and Laurent Sifre and Dharshan Kumaran and Thore Graepel and Timothy Lillicrap and Karen Simonyan and Demis Hassabis},
      year={2017},
      eprint={1712.01815},
      archivePrefix={arXiv},
      primaryClass={cs.AI}
}

@inproceedings{maiachess,
    author = {McIlroy-Young, Reid and Sen, Siddhartha and Kleinberg, Jon and Anderson, Ashton},
    title = {Aligning Superhuman AI with Human Behavior: Chess as a Model System},
    year = {2020},
    isbn = {9781450379984},
    publisher = {Association for Computing Machinery},
    address = {New York, NY, USA},
    url = {https://doi.org/10.1145/3394486.3403219},
    doi = {10.1145/3394486.3403219},
    booktitle = {Proceedings of the 26th ACM SIGKDD International Conference on Knowledge Discovery and Data Mining},
    pages = {1677â€“1687},
    numpages = {11},
    keywords = {human-ai collaboration, action prediction, chess},
    location = {Virtual Event, CA, USA},
    series = {KDD '20}
}

  